<?xml version="1.0" encoding="UTF-8"?><collection xmlns="http://www.loc.gov/MARC21/slim"><record><leader>00601nam--2200181-i-4500</leader><controlfield tag="001">000019451</controlfield><controlfield tag="002">20161230</controlfield><controlfield tag="005">20161230201033</controlfield><controlfield tag="008">060222s1000------------r-----000-0-fre-d</controlfield><datafield ind1=" " ind2=" " tag="040"><subfield code="a">IFIN-HH</subfield></datafield><datafield ind1=" " ind2=" " tag="041"><subfield code="a">fre</subfield></datafield><datafield ind1=" " ind2=" " tag="080"><subfield code="a">015:539.173.8</subfield></datafield><datafield ind1="1" ind2=" " tag="100"><subfield code="a">Engelhardt,Hans-dieter</subfield></datafield><datafield ind1="1" ind2="0" tag="245"><subfield code="a">Realisation d'un ensemble experimental d'etudes d'ions lourds: application a quelques aspects de la fission induite a moyenne energie</subfield><subfield code="b">These</subfield><subfield code="c">Hans-dieter engelhardt</subfield></datafield><datafield ind1=" " ind2=" " tag="260"><subfield code="a">Grenoble</subfield><subfield code="b">Universite Scientifique Et Medicale</subfield><subfield code="c">1971</subfield></datafield><datafield ind1=" " ind2=" " tag="300"><subfield code="a">196 P</subfield></datafield><datafield ind1=" " ind2=" " tag="852"><subfield code="a">38287</subfield><subfield code="c">539.17</subfield></datafield><datafield ind1=" " ind2=" " tag="CAT"><subfield code="a">Sys</subfield><subfield code="c">20120611</subfield><subfield code="h">095208</subfield></datafield></record></collection>